%YAML 1.1
%TAG !u! tag:unity3d.com,2011:
--- !u!1 &8082640363902259935
GameObject:
  m_ObjectHideFlags: 0
  m_CorrespondingSourceObject: {fileID: 0}
  m_PrefabInstance: {fileID: 0}
  m_PrefabAsset: {fileID: 0}
  serializedVersion: 6
  m_Component:
  - component: {fileID: 8251195372515473513}
  - component: {fileID: 6148564564242661562}
  - component: {fileID: 7624447307485767118}
  - component: {fileID: 7947089167523204829}
  m_Layer: 0
  m_Name: grass09
  m_TagString: Untagged
  m_Icon: {fileID: 0}
  m_NavMeshLayer: 0
  m_StaticEditorFlags: 0
  m_IsActive: 1
--- !u!4 &8251195372515473513
Transform:
  m_ObjectHideFlags: 0
  m_CorrespondingSourceObject: {fileID: 0}
  m_PrefabInstance: {fileID: 0}
  m_PrefabAsset: {fileID: 0}
  m_GameObject: {fileID: 8082640363902259935}
  m_LocalRotation: {x: 0, y: 0, z: 0, w: 1}
  m_LocalPosition: {x: 0, y: 0, z: -11.87}
  m_LocalScale: {x: 30, y: 1, z: 1}
  m_Children:
  - {fileID: 8202882231031967719}
  - {fileID: 3110311422364095969}
  - {fileID: 870002023091649784}
  m_Father: {fileID: 0}
  m_RootOrder: 0
  m_LocalEulerAnglesHint: {x: 0, y: 0, z: 0}
--- !u!33 &6148564564242661562
MeshFilter:
  m_ObjectHideFlags: 0
  m_CorrespondingSourceObject: {fileID: 0}
  m_PrefabInstance: {fileID: 0}
  m_PrefabAsset: {fileID: 0}
  m_GameObject: {fileID: 8082640363902259935}
  m_Mesh: {fileID: 10202, guid: 0000000000000000e000000000000000, type: 0}
--- !u!23 &7624447307485767118
MeshRenderer:
  m_ObjectHideFlags: 0
  m_CorrespondingSourceObject: {fileID: 0}
  m_PrefabInstance: {fileID: 0}
  m_PrefabAsset: {fileID: 0}
  m_GameObject: {fileID: 8082640363902259935}
  m_Enabled: 1
  m_CastShadows: 1
  m_ReceiveShadows: 1
  m_DynamicOccludee: 1
  m_MotionVectors: 1
  m_LightProbeUsage: 1
  m_ReflectionProbeUsage: 1
  m_RenderingLayerMask: 1
  m_RendererPriority: 0
  m_Materials:
  - {fileID: 2100000, guid: eb557a034bd1ce9d0beeb2f206b7f11b, type: 2}
  m_StaticBatchInfo:
    firstSubMesh: 0
    subMeshCount: 0
  m_StaticBatchRoot: {fileID: 0}
  m_ProbeAnchor: {fileID: 0}
  m_LightProbeVolumeOverride: {fileID: 0}
  m_ScaleInLightmap: 1
  m_ReceiveGI: 1
  m_PreserveUVs: 0
  m_IgnoreNormalsForChartDetection: 0
  m_ImportantGI: 0
  m_StitchLightmapSeams: 1
  m_SelectedEditorRenderState: 3
  m_MinimumChartSize: 4
  m_AutoUVMaxDistance: 0.5
  m_AutoUVMaxAngle: 89
  m_LightmapParameters: {fileID: 0}
  m_SortingLayerID: 0
  m_SortingLayer: 0
  m_SortingOrder: 0
--- !u!65 &7947089167523204829
BoxCollider:
  m_ObjectHideFlags: 0
  m_CorrespondingSourceObject: {fileID: 0}
  m_PrefabInstance: {fileID: 0}
  m_PrefabAsset: {fileID: 0}
  m_GameObject: {fileID: 8082640363902259935}
  m_Material: {fileID: 0}
  m_IsTrigger: 0
  m_Enabled: 1
  serializedVersion: 2
  m_Size: {x: 1, y: 1, z: 1}
  m_Center: {x: 0, y: 0, z: 0}
--- !u!1001 &2767044496559558780
PrefabInstance:
  m_ObjectHideFlags: 0
  serializedVersion: 2
  m_Modification:
    m_TransformParent: {fileID: 8251195372515473513}
    m_Modifications:
    - target: {fileID: 6823831141752384044, guid: 80a2599a2e25e0040804d9d0c2b122e7,
        type: 3}
      propertyPath: m_Name
      value: tree (3)
      objectReference: {fileID: 0}
    - target: {fileID: 6318824753732255643, guid: 80a2599a2e25e0040804d9d0c2b122e7,
        type: 3}
      propertyPath: m_LocalPosition.x
      value: -0.46866676
      objectReference: {fileID: 0}
    - target: {fileID: 6318824753732255643, guid: 80a2599a2e25e0040804d9d0c2b122e7,
        type: 3}
      propertyPath: m_LocalPosition.y
      value: 1.31
      objectReference: {fileID: 0}
    - target: {fileID: 6318824753732255643, guid: 80a2599a2e25e0040804d9d0c2b122e7,
        type: 3}
      propertyPath: m_LocalPosition.z
      value: 0.03999996
      objectReference: {fileID: 0}
    - target: {fileID: 6318824753732255643, guid: 80a2599a2e25e0040804d9d0c2b122e7,
        type: 3}
      propertyPath: m_LocalRotation.x
      value: -0
      objectReference: {fileID: 0}
    - target: {fileID: 6318824753732255643, guid: 80a2599a2e25e0040804d9d0c2b122e7,
        type: 3}
      propertyPath: m_LocalRotation.y
      value: -0
      objectReference: {fileID: 0}
    - target: {fileID: 6318824753732255643, guid: 80a2599a2e25e0040804d9d0c2b122e7,
        type: 3}
      propertyPath: m_LocalRotation.z
      value: -0
      objectReference: {fileID: 0}
    - target: {fileID: 6318824753732255643, guid: 80a2599a2e25e0040804d9d0c2b122e7,
        type: 3}
      propertyPath: m_LocalRotation.w
      value: 1
      objectReference: {fileID: 0}
    - target: {fileID: 6318824753732255643, guid: 80a2599a2e25e0040804d9d0c2b122e7,
        type: 3}
      propertyPath: m_RootOrder
      value: 0
      objectReference: {fileID: 0}
    - target: {fileID: 6318824753732255643, guid: 80a2599a2e25e0040804d9d0c2b122e7,
        type: 3}
      propertyPath: m_LocalEulerAnglesHint.x
      value: 0
      objectReference: {fileID: 0}
    - target: {fileID: 6318824753732255643, guid: 80a2599a2e25e0040804d9d0c2b122e7,
        type: 3}
      propertyPath: m_LocalEulerAnglesHint.y
      value: 0
      objectReference: {fileID: 0}
    - target: {fileID: 6318824753732255643, guid: 80a2599a2e25e0040804d9d0c2b122e7,
        type: 3}
      propertyPath: m_LocalEulerAnglesHint.z
      value: 0
      objectReference: {fileID: 0}
    - target: {fileID: 6318824753732255643, guid: 80a2599a2e25e0040804d9d0c2b122e7,
        type: 3}
      propertyPath: m_LocalScale.x
      value: 0.017333338
      objectReference: {fileID: 0}
    m_RemovedComponents: []
  m_SourcePrefab: {fileID: 100100000, guid: 80a2599a2e25e0040804d9d0c2b122e7, type: 3}
--- !u!4 &8202882231031967719 stripped
Transform:
  m_CorrespondingSourceObject: {fileID: 6318824753732255643, guid: 80a2599a2e25e0040804d9d0c2b122e7,
    type: 3}
  m_PrefabInstance: {fileID: 2767044496559558780}
  m_PrefabAsset: {fileID: 0}
--- !u!1001 &6602883544045339491
PrefabInstance:
  m_ObjectHideFlags: 0
  serializedVersion: 2
  m_Modification:
    m_TransformParent: {fileID: 8251195372515473513}
    m_Modifications:
    - target: {fileID: 6823831141752384044, guid: 80a2599a2e25e0040804d9d0c2b122e7,
        type: 3}
      propertyPath: m_Name
      value: tree (5)
      objectReference: {fileID: 0}
    - target: {fileID: 6318824753732255643, guid: 80a2599a2e25e0040804d9d0c2b122e7,
        type: 3}
      propertyPath: m_LocalPosition.x
      value: 0.4293
      objectReference: {fileID: 0}
    - target: {fileID: 6318824753732255643, guid: 80a2599a2e25e0040804d9d0c2b122e7,
        type: 3}
      propertyPath: m_LocalPosition.y
      value: 1.31
      objectReference: {fileID: 0}
    - target: {fileID: 6318824753732255643, guid: 80a2599a2e25e0040804d9d0c2b122e7,
        type: 3}
      propertyPath: m_LocalPosition.z
      value: 0.03999996
      objectReference: {fileID: 0}
    - target: {fileID: 6318824753732255643, guid: 80a2599a2e25e0040804d9d0c2b122e7,
        type: 3}
      propertyPath: m_LocalRotation.x
      value: -0
      objectReference: {fileID: 0}
    - target: {fileID: 6318824753732255643, guid: 80a2599a2e25e0040804d9d0c2b122e7,
        type: 3}
      propertyPath: m_LocalRotation.y
      value: -0
      objectReference: {fileID: 0}
    - target: {fileID: 6318824753732255643, guid: 80a2599a2e25e0040804d9d0c2b122e7,
        type: 3}
      propertyPath: m_LocalRotation.z
      value: -0
      objectReference: {fileID: 0}
    - target: {fileID: 6318824753732255643, guid: 80a2599a2e25e0040804d9d0c2b122e7,
        type: 3}
      propertyPath: m_LocalRotation.w
      value: 1
      objectReference: {fileID: 0}
    - target: {fileID: 6318824753732255643, guid: 80a2599a2e25e0040804d9d0c2b122e7,
        type: 3}
      propertyPath: m_RootOrder
      value: 2
      objectReference: {fileID: 0}
    - target: {fileID: 6318824753732255643, guid: 80a2599a2e25e0040804d9d0c2b122e7,
        type: 3}
      propertyPath: m_LocalEulerAnglesHint.x
      value: 0
      objectReference: {fileID: 0}
    - target: {fileID: 6318824753732255643, guid: 80a2599a2e25e0040804d9d0c2b122e7,
        type: 3}
      propertyPath: m_LocalEulerAnglesHint.y
      value: 0
      objectReference: {fileID: 0}
    - target: {fileID: 6318824753732255643, guid: 80a2599a2e25e0040804d9d0c2b122e7,
        type: 3}
      propertyPath: m_LocalEulerAnglesHint.z
      value: 0
      objectReference: {fileID: 0}
    - target: {fileID: 6318824753732255643, guid: 80a2599a2e25e0040804d9d0c2b122e7,
        type: 3}
      propertyPath: m_LocalScale.x
      value: 0.017333338
      objectReference: {fileID: 0}
    m_RemovedComponents: []
  m_SourcePrefab: {fileID: 100100000, guid: 80a2599a2e25e0040804d9d0c2b122e7, type: 3}
--- !u!4 &870002023091649784 stripped
Transform:
  m_CorrespondingSourceObject: {fileID: 6318824753732255643, guid: 80a2599a2e25e0040804d9d0c2b122e7,
    type: 3}
  m_PrefabInstance: {fileID: 6602883544045339491}
  m_PrefabAsset: {fileID: 0}
--- !u!1001 &8978755305055578746
PrefabInstance:
  m_ObjectHideFlags: 0
  serializedVersion: 2
  m_Modification:
    m_TransformParent: {fileID: 8251195372515473513}
    m_Modifications:
    - target: {fileID: 6823831141752384044, guid: 80a2599a2e25e0040804d9d0c2b122e7,
        type: 3}
      propertyPath: m_Name
      value: tree (4)
      objectReference: {fileID: 0}
    - target: {fileID: 6318824753732255643, guid: 80a2599a2e25e0040804d9d0c2b122e7,
        type: 3}
      propertyPath: m_LocalPosition.x
      value: -0.3091
      objectReference: {fileID: 0}
    - target: {fileID: 6318824753732255643, guid: 80a2599a2e25e0040804d9d0c2b122e7,
        type: 3}
      propertyPath: m_LocalPosition.y
      value: 1.31
      objectReference: {fileID: 0}
    - target: {fileID: 6318824753732255643, guid: 80a2599a2e25e0040804d9d0c2b122e7,
        type: 3}
      propertyPath: m_LocalPosition.z
      value: 0.03999996
      objectReference: {fileID: 0}
    - target: {fileID: 6318824753732255643, guid: 80a2599a2e25e0040804d9d0c2b122e7,
        type: 3}
      propertyPath: m_LocalRotation.x
      value: -0
      objectReference: {fileID: 0}
    - target: {fileID: 6318824753732255643, guid: 80a2599a2e25e0040804d9d0c2b122e7,
        type: 3}
      propertyPath: m_LocalRotation.y
      value: -0
      objectReference: {fileID: 0}
    - target: {fileID: 6318824753732255643, guid: 80a2599a2e25e0040804d9d0c2b122e7,
        type: 3}
      propertyPath: m_LocalRotation.z
      value: -0
      objectReference: {fileID: 0}
    - target: {fileID: 6318824753732255643, guid: 80a2599a2e25e0040804d9d0c2b122e7,
        type: 3}
      propertyPath: m_LocalRotation.w
      value: 1
      objectReference: {fileID: 0}
    - target: {fileID: 6318824753732255643, guid: 80a2599a2e25e0040804d9d0c2b122e7,
        type: 3}
      propertyPath: m_RootOrder
      value: 1
      objectReference: {fileID: 0}
    - target: {fileID: 6318824753732255643, guid: 80a2599a2e25e0040804d9d0c2b122e7,
        type: 3}
      propertyPath: m_LocalEulerAnglesHint.x
      value: 0
      objectReference: {fileID: 0}
    - target: {fileID: 6318824753732255643, guid: 80a2599a2e25e0040804d9d0c2b122e7,
        type: 3}
      propertyPath: m_LocalEulerAnglesHint.y
      value: 0
      objectReference: {fileID: 0}
    - target: {fileID: 6318824753732255643, guid: 80a2599a2e25e0040804d9d0c2b122e7,
        type: 3}
      propertyPath: m_LocalEulerAnglesHint.z
      value: 0
      objectReference: {fileID: 0}
    - target: {fileID: 6318824753732255643, guid: 80a2599a2e25e0040804d9d0c2b122e7,
        type: 3}
      propertyPath: m_LocalScale.x
      value: 0.017333338
      objectReference: {fileID: 0}
    m_RemovedComponents: []
  m_SourcePrefab: {fileID: 100100000, guid: 80a2599a2e25e0040804d9d0c2b122e7, type: 3}
--- !u!4 &3110311422364095969 stripped
Transform:
  m_CorrespondingSourceObject: {fileID: 6318824753732255643, guid: 80a2599a2e25e0040804d9d0c2b122e7,
    type: 3}
  m_PrefabInstance: {fileID: 8978755305055578746}
  m_PrefabAsset: {fileID: 0}
